@misc{CDC2024a,
  author = {{Centers for Disease Control and Prevention}},
  title  = {Adult Obesity Facts},
  year   = {2024},
  url    = {https://www.cdc.gov/obesity/adult-obesity-facts/index.html},
  note   = {Accessed: 2024}
}

@misc{CDC2024b,
  author = {{Centers for Disease Control and Prevention}},
  title  = {Childhood Obesity Facts},
  year   = {2024},
  url    = {https://www.cdc.gov/obesity/childhood-obesity-facts/childhood-obesity-facts.html},
  note   = {Accessed: 2024}
}

@article{Garvey2022,
  author  = {Garvey, W. Timothy and Batterham, Rachel L. and Bhatta, Meena and Buscemi, Silvio and Christensen, Louise N. and Frias, Juan P. and JÃ³dar, Esteban and Kandler, Kristian and Rigas, Georgia and Wadden, Thomas A. and Wharton, Sean},
  title   = {Two-year effects of semaglutide in adults with overweight or obesity: the STEP 5 trial},
  journal = {Nature Medicine},
  year    = {2022},
  doi     = {10.1038/s41591-022-02026-4},
  month   = {October}
}

@article{Ryan2024,
  author  = {Ryan, D.H. and Lingvay, I. and Deanfield, J. and others},
  title   = {Long-term weight loss effects of semaglutide in obesity without diabetes in the SELECT trial},
  journal = {Nature Medicine},
  volume  = {30},
  pages   = {2049--2057},
  year    = {2024},
  doi     = {10.1038/s41591-024-02996-7}
}

@article{Yildirim2023,
  author  = {Yildirim, Vehpi and Sheraton, Vivek M. and Brands, Ruud and Crielaard, Loes and Quax, Rick and van Riel, Natal A.W. and Stronks, Karien and Nicolaou, Mary and Sloot, Peter M.A.},
  title   = {A data-driven computational model for obesity-driven diabetes onset and remission through weight loss},
  journal = {iScience},
  volume  = {26},
  number  = {11},
  pages   = {108324},
  year    = {2023},
  issn    = {2589-0042},
  doi     = {10.1016/j.isci.2023.108324},
  url     = {https://www.sciencedirect.com/science/article/pii/S258900422302401X}
}
